<record><leader>00000cas a22000007a 4500</leader><controlfield tag="001">18409915</controlfield><controlfield tag="008">880826d19321937iduwr ne      0    0eng d</controlfield><datafield ind1=" " ind2=" " tag="010"><subfield code="a">sn 88056004 </subfield></datafield><datafield ind1=" " ind2=" " tag="040"><subfield code="a">NVB</subfield><subfield code="b">eng</subfield><subfield code="c">NVB</subfield><subfield code="d">OCLCQ</subfield><subfield code="d">OCLCF</subfield><subfield code="d">OCLCO</subfield></datafield><datafield ind1="1" ind2=" " tag="029"><subfield code="a">AU@</subfield><subfield code="b">000025806476</subfield></datafield><datafield ind1=" " ind2=" " tag="042"><subfield code="a">msc</subfield></datafield><datafield ind1=" " ind2=" " tag="043"><subfield code="a">n-us-id</subfield></datafield><datafield ind1="0" ind2="0" tag="245"><subfield code="a">Power County booster.</subfield></datafield><datafield ind1=" " ind2=" " tag="260"><subfield code="a">American Falls, Idaho :</subfield><subfield code="b">[s.n.]</subfield></datafield><datafield ind1=" " ind2=" " tag="300"><subfield code="a">v.</subfield></datafield><datafield ind1=" " ind2=" " tag="310"><subfield code="a">Weekly</subfield></datafield><datafield ind1="0" ind2=" " tag="362"><subfield code="a">Vol. 1, no. 1 (Oct. 22, 1932)-v. 5, no. 47 (Oct. 29, 1937).</subfield></datafield><datafield ind1=" " ind2=" " tag="550"><subfield code="a">Published "under the auspices of the Power County Republican Central Committee."</subfield></datafield><datafield ind1=" " ind2="0" tag="651"><subfield code="a">American Falls (Idaho)</subfield><subfield code="v">Periodicals.</subfield></datafield><datafield ind1=" " ind2="7" tag="655"><subfield code="a">Periodicals.</subfield><subfield code="2">fast</subfield><subfield code="0">(OCoLC)fst01411641</subfield></datafield><datafield ind1=" " ind2="7" tag="651"><subfield code="a">Idaho</subfield><subfield code="z">American Falls.</subfield><subfield code="2">fast</subfield><subfield code="0">(OCoLC)fst01214800</subfield></datafield><datafield ind1=" " ind2=" " tag="752"><subfield code="a">United States</subfield><subfield code="b">Idaho</subfield><subfield code="c">Power</subfield><subfield code="d">American Falls.</subfield></datafield><datafield ind1="0" ind2="7" tag="785"><subfield code="t">American Falls press</subfield><subfield code="w">(DLC)sn 86063041</subfield></datafield><datafield ind1="0" ind2="7" tag="785"><subfield code="t">Power County press</subfield><subfield code="w">(DLC)sn 82015046</subfield></datafield></record>